<?xml version="1.0" encoding="utf-8"?>
<record xmlns="http://www.loc.gov/MARC21/slim" xmlns:xsi="http://www.w3.org/2001/XMLSchema-instance" xsi:schemaLocation="http://www.loc.gov/MARC21/slim http://www.loc.gov/standards/marcxml/schema/MARC21slim.xsd">
	<leader>     nam a22        4500</leader>
	<controlfield tag="001">b14395423</controlfield>
	<controlfield tag="003">UaCaAUL</controlfield>
	<controlfield tag="006">m        d        </controlfield>
	<controlfield tag="007">cr cn |||m|||a</controlfield>
	<controlfield tag="008">170928s1935    ua      o     000 0 ara d</controlfield>
	<datafield ind1=" " ind2=" " tag="040">
		<subfield code="a">NNU</subfield>
		<subfield code="b">eng</subfield>
		<subfield code="e">rda</subfield>
		<subfield code="c">NNU</subfield>
	</datafield>
	<datafield ind1=" " ind2=" " tag="066">
		<subfield code="c">(3</subfield>
	</datafield>
	<datafield ind1=" " ind2="4" tag="050">
		<subfield code="a">BP166.2</subfield>
		<subfield code="b">.I232 1935</subfield>
	</datafield>
	<datafield ind1="1" ind2=" " tag="100">
		<subfield code="6">880-01</subfield>
		<subfield code="a">Ibn Khuzaymah, Muḥammad ibn Isḥāq,</subfield>
		<subfield code="d">838-924.</subfield>
	</datafield>
	<datafield ind1="1" ind2="0" tag="240">
		<subfield code="6">880-02</subfield>
		<subfield code="a">Tawḥīd wa-ithbāt ṣifāt al-Rabb</subfield>
	</datafield>
	<datafield ind1="1" ind2="0" tag="245">
		<subfield code="6">880-03</subfield>
		<subfield code="a">Kitāb al-tawḥīd wa-ithbāt ṣifāt al-rabb :</subfield>
		<subfield code="b">allatī waṣafa bihā nafsahu fī tanzīlihi alladhī anzalahu ʻalá nabīhi al-Muṣṭafá ṣallá Allāh ʻalayhi wa-ālihi wa-sallam : wa-ʻalá lisān nabīhi naqala al-akhbār al-thābitah al-ṣaḥīḥah naql al-ʻudūl ʻan al-ʻudūl min ghayr qaṭʻa fī isnād : wa-lā jarḥ fī nāqilī al-akhbār al-thiqāt /</subfield>
		<subfield code="c">taʼlīf al-ḥāfiẓ al-kabīr imām al-aʼimmah wa-raʼs al-muḥaddithīn shaykh al-Islām Abī Bakr Muḥammad ibn Isḥaq ibn Khuzaymah ibn al-Mughīrah ibn Ṣāliḥ ibn Bakr al-Salamī al-Nīsābūrī ṣāḥib al-muṣannafāt al-kathīrah (ka-al-ṣaḥīḥ) la-mawlūd sanat thalāth wa-ʻishrīn wa-māʼitayn wa-al-mutawaffá sanat iḥdá ʻashrah wa-thalāthumāʼih.</subfield>
	</datafield>
	<datafield ind1=" " ind2="1" tag="264">
		<subfield code="6">880-04</subfield>
		<subfield code="a">Miṣr :</subfield>
		<subfield code="b">Idārat al-Ṭibāʻah al-Munīrīyah li-ṣāḥibihā wa-mudīrihā Muḥammad Munīr ʻAbduh Aghā al-Dimashqī,</subfield>
		<subfield code="c">1353 H [1935 M].</subfield>
	</datafield>
	<datafield ind1=" " ind2=" " tag="300">
		<subfield code="a">online resource (17, 250, 9 pages)</subfield>
	</datafield>
	<datafield ind1=" " ind2=" " tag="336">
		<subfield code="a">text</subfield>
		<subfield code="2">rdacontent</subfield>
	</datafield>
	<datafield ind1=" " ind2=" " tag="337">
		<subfield code="a">computer</subfield>
		<subfield code="2">rdamedia</subfield>
	</datafield>
	<datafield ind1=" " ind2=" " tag="338">
		<subfield code="a">online resource</subfield>
		<subfield code="2">rdacarrier</subfield>
	</datafield>
	<datafield ind1=" " ind2=" " tag="500">
		<subfield code="6">880-05</subfield>
		<subfield code="a">Ṭubiʻat ʻalá nuskhtinā baʻda ʻarḍihā ʻalá al-nuskhah al-taymūrīyah.</subfield>
	</datafield>
	<datafield ind1=" " ind2=" " tag="500">
		<subfield code="6">880-06</subfield>
		<subfield code="a">Ṣaḥḥaḥahā wa-ʻallaqa ʻalayhā lil-marrah al-ūlá sanat thalāth wa-khamsīn wa-thalāthumāʼih wa-alf H.</subfield>
	</datafield>
	<datafield ind1=" " ind2=" " tag="500">
		<subfield code="a">Part of the Arabic Collections Online (ACO) project, contributed by American University in Cairo Library.</subfield>
	</datafield>
	<datafield ind1=" " ind2=" " tag="533">
		<subfield code="a">Electronic reproduction.</subfield>
		<subfield code="b">New York, N.Y. :</subfield>
		<subfield code="c">New York University,</subfield>
		<subfield code="d">2017.</subfield>
		<subfield code="5">NNU</subfield>
	</datafield>
	<datafield ind1=" " ind2="0" tag="650">
		<subfield code="a">God (Islam)</subfield>
		<subfield code="x">Attributes.</subfield>
	</datafield>
	<datafield ind1=" " ind2="0" tag="650">
		<subfield code="a">God (Islam)</subfield>
		<subfield code="x">Proof.</subfield>
	</datafield>
	<datafield ind1=" " ind2="7" tag="650">
		<subfield code="a">God (Islam)</subfield>
		<subfield code="x">Attributes.</subfield>
		<subfield code="2">fast</subfield>
		<subfield code="0">(OCoLC)fst00944143</subfield>
	</datafield>
	<datafield ind1=" " ind2="7" tag="650">
		<subfield code="a">God (Islam)</subfield>
		<subfield code="x">Proof.</subfield>
		<subfield code="2">fast</subfield>
		<subfield code="0">(OCoLC)fst00944150</subfield>
	</datafield>
	<datafield ind1="2" ind2=" " tag="710">
		<subfield code="a">American University in Cairo.</subfield>
		<subfield code="b">Library.</subfield>
	</datafield>
	<datafield ind1="0" ind2=" " tag="730">
		<subfield code="a">Arabic Collections Online.</subfield>
	</datafield>
	<datafield ind1="0" ind2="8" tag="776">
		<subfield code="i">Print version:</subfield>
		<subfield code="a">Ibn Khuzaymah, Muḥammad ibn Isḥāq, 838-924.</subfield>
		<subfield code="t">Kitāb al-tawḥīd wa-ithbāt ṣifāt al-rabb</subfield>
		<subfield code="w">(UaCaAUL)b14395423</subfield>
		<subfield code="w">(DLC)   68004634 </subfield>
		<subfield code="w">(OCoLC)40244154</subfield>
	</datafield>
	<datafield ind1="4" ind2="0" tag="856">
		<subfield code="u">http://hdl.handle.net/2333.1/fj6q5dbt</subfield>
	</datafield>
	<datafield ind1="1" ind2=" " tag="880">
		<subfield code="6">100-01/(3/r</subfield>
		<subfield code="a">ابن خزيمة، محمد بن إسحاق،</subfield>
		<subfield code="d">838924.</subfield>
	</datafield>
	<datafield ind1="1" ind2="0" tag="880">
		<subfield code="6">240-02/(3/r</subfield>
		<subfield code="a">توحيد وإثبات صفات الرب</subfield>
	</datafield>
	<datafield ind1="1" ind2="0" tag="880">
		<subfield code="6">245-03/(3/r</subfield>
		<subfield code="a">كتاب التوحيد واثبات صفات الرب :</subfield>
		<subfield code="b">التي وصف بها نفسه في تنزيله الذي انزله على نبيه المصطفى صلى اللة عليه وآله وسلم : وعلى لاسان نبيه نقل الأخبار الثابتة الصحيحة نقل العدول عن العدول من غير قطع في اسناد : ولا جرح في ناقلي الأخبار الثقات /</subfield>
		<subfield code="c">تأليف الحافظ الكبير إمام الأئمة ورأس المحدثين شيخ الاسلام أبي بكر محمد بن إسحق بن خزيمة بن المغيرة بن صالح بن بكر السلمي النيسابوري صاحب المصنفات الكثيرة (كالصحيح) المولود سنة ثلاث وعشرين ومائتين والمتوفى سنة إحدى عشرة وثلاثمائه.</subfield>
	</datafield>
	<datafield ind1=" " ind2="1" tag="880">
		<subfield code="6">264-04/(3/r</subfield>
		<subfield code="a">مصر :</subfield>
		<subfield code="b">ادارة الطباعة المنيرية لصاحبها ومديرها محمد منير عبده أغا الدمشقي،</subfield>
		<subfield code="c">1353 ه [1935 م].</subfield>
	</datafield>
	<datafield ind1=" " ind2=" " tag="880">
		<subfield code="6">500-05/(3/r</subfield>
		<subfield code="a">طبعت على نسختنا بعد عرضها على النسخة التيمورية.</subfield>
	</datafield>
	<datafield ind1=" " ind2=" " tag="880">
		<subfield code="6">500-06/(3/r</subfield>
		<subfield code="a">صححها وعلق عليها للمرة الأولى سنة ثلاث وخمسين وثلاثمائه والف ه.</subfield>
	</datafield>
	<datafield ind1=" " ind2=" " tag="959">
		<subfield code="a">NNU</subfield>
		<subfield code="b">WEB</subfield>
		<subfield code="c">GENI</subfield>
		<subfield code="t">0</subfield>
		<subfield code="m">Electronic access</subfield>
		<subfield code="s">01</subfield>
	</datafield>
	<datafield ind1=" " ind2=" " tag="999">
		<subfield code="i">UaCaAUL_b14395423</subfield>
		<subfield code="o">(OCoLC)ocm40244154</subfield>
		<subfield code="s">auc_aco000152</subfield>
	</datafield>
</record>
